@mvbook{Landau,
  author 	= {Ландау, Лев Давидович and Лифшиц, Евгений Михайлович},
  title 	= {Теоретическая физика},
  subtitle	= {Учебное пособие},
  volumes 	= {10},
  langid	= {russian}
}

@book{Landau1,
  author 	= {Ландау, Лев Давидович and Лифшиц, Евгений Михайлович},
  title 	= {Механика},
  volume 	= {1},
  year 		= {1988},
  publisher	= {Наука. Гл. ред. физ.-мат. лит.},
  location	= {Москва}, 
  edition	= {4-е изд., испр.},
  langid	= {russian},  
  isbn		= {5-02-013850-9},
  pagetotal	= {216},
  crossref	= {Landau}
}

@book{rogersClient,
  title={Клиент-центрированная психотерапия},
  author={Роджерс, Карл},
  location={Москва},
  publisher={Апрель Пресс, ЭКСМО-Пресс},
  year={2002}
}

@book{rogersConsult,
  title={Консультирование и психотерапия},
  author={Роджерс, Карл},
  location={Москва},
  publisher={Экспо-пресс},
  year={2000}
}

  
 @book{rogersbec,
  title={On becoming a person: A therapist's view of psychotherapy},
  author={Rogers, Carl},
  year={2012},
  isbn={9780544086661},
  publisher={Houghton Mifflin Harcourt},
  pagetotal={448},
  langid={english}
}

@book{izpsy,
  title={Психология эмоций},
  author={Изард, Кэррол Э},
  year={1999},
  location={Санкт-Петербург},
  publisher={Питер},
  pagetotal={464}
}

@book{ilemo,
  title={Эмоции и чувства},
  author={Ильин, Евгений Павлович},
  year={2011},
  location={Санкт-Петербург},
  publisher={Питер},
  pagetotal={752}  
}

@inbook{tde,
  title = {Теория дифференциальных эмоций},
  crossref = {emch},
  author = {Изард, Кэррол Е},
  pages = {52-71} 
}

 
@book{emch,
  title = {Эмоции человека},
  author = {Изард, Кэррол Е and Гозман, Л Я and Ольшанникова, А Е},
  publisher = {Изд-во Моск. ун-та},
  year = {1980},
  pagetotal = {440}
}
 
@book{dode,
  title={Эмоция как ценность},
  author={Додонов, Борис Игнатьевич},
  year={1978},
  location={Москва},
  publisher={Политиздат},
  pagetotal={272}
  
}

@book{sem,
  title={Эмоциональный мозг},
  author={Симонов, Павел Васильевич},
  year={1981},
  location={Москва},
  publisher={Наука},
  pagetotal={214}
  
}

@book{gel,
  title={Эмоции и эмоциональные расстройства},
  author={Гельгорн, Э and Луфборроу, Дж},
  year={1966},
  location={Москва},
  publisher={Мир},
  pagetotal={672}
}

@book{ekem,
  title={Психология эмоций. Я знаю, что ты чувствуешь /2-е изд./Пер. c англ},
  author={Экман, Пол},
  location={Санкт-Петербург},
  publisher={Питер},
  year={2010},
  pagetotal={186}
}

@article{rce,
  title={Роджерс, Кохут, Эриксон: Личный взгляд на некоторые сходства и различия},
  author={Роджерс, К},
  media={eresource},
  credits={Режим~доступа: http://rogers. hpsy. ru/projects/ --- Дата~доступа: 20.12.2014}
}

@article{dep,
  author = {Schwartz, Richard},
  title = {Depathologizing The Borderline Client},
  media={eresource},
  credits={Режим~доступа: https://www.psychotherapynetworker.org --- Дата~доступа: 20.12.2014}
}


@article{mid,
  title={Личностно-центрированная терапия},
  author={Роджерс, К and Мидор, Б},
  journal={Журнал практической психологии и психоанализа},
  
}
  
  @article{maler,
  title={Психологическое рождение человеческого младенца: симбиоз и индивидуация},
  author={Малер, Маргарет С and Пайн, Ф and Бергман, А},
  journal={Пер. изд.: The Psychological birth of the human infant/Mahler, Pine.-Библиогр},
  pages={378--402},
  year={2000}
}
@book{vindeti,
  title={Маленькие дети и их матери},
  author={Винникотт, Дональд Вудс},
  journal={М.: Класс},
  year={1998},
  pagetotal={80}
}
  
 
@book{vinraz,
  title={Разговор с родителями},
  author={Винникот, Дональдс Вудс},
  journal={М.: Независимая фирма “Класс},
  year={1994},
  pagetotal={93}
  
}

@book{boulby,
  title={Привязанность},
  author={Боулби, Дж and Бурменская, ГВ},
  year={2003},
  publisher={Гардарики М.},
  pagetotal={477}
}

@book{zvon,
  title={Малыши и математика},
  author={Звонкин, Александр Калманович},
  year={2006},
  publisher={Изд-во Моск. Центра непрерыв. мат. образования: Изд-во Моск. ин-та открытого 
образования М.},
pagetotal={250}

}

@article{spitz,
  title={Hospitalism; a follow-up report.},
  author={Spitz, Rene A},
  journal={The psychoanalytic study of the child},
  volume={2},
  pages={113},
  year={1946},
  langid={english}
}

  
  @article{ostap,
  title={Самодиагностика как условие формирования математической компетентности студентов 
психологических специальностей},
  author={Остапенко, Роман Иванович},
  media={eresource},
  credits={Режим~доступа: http://web.snauka.ru/issues/2013/10/28172 --- Дата~доступа: 20.12.2014}
}

@article{fam,
 author = {Кутузова, Дарья Александровна},
 title = {<<Быть семьей>>: взгляд с точки зрения социального конструкционизма. обзор работ Л.Беллы 
и ее сотрудников},
 journal = {Семейная психология и семейная терапия},
 year = {2014},
 number = {2},
 pages = {16-35}
}

@article{imaf,
  title={Imagining Fatherhood: Young Australian Men’s Perspectives on Fathering},
  author={ Thompson,Rachel and Leephd,Christina and  Adams, Jon},
  journal={International Journal of Men's Health},
  volume={12},
  number = {2},
  pages={150-165},
  year={2013},
  langid={english}
}

@article{morfat,
  title={Doing Morally Intelligible Fatherhood: Swedish Fathers'Accounys of Their
Parental Part -Time Work Choices},
  author={Bjork, Sofia},
  journal={Fathering},
  volume={11},
  number = {2},
  pages={231-237},
  year={2013},
  langid={english}
}

@article{sex,
  title={Child sexual abuse, masculinity and fatherhood},
  author={Price-Robertson, Rhys },
  journal={Journal of Family Studies},
  volume={18},
  Issue={2-3},
  pages={130-142},
  year={2012},
  langid={english}
}

@book{psyot,
  title={Психология отцовства},
  author={ Борисенко, Ю.В.},
  year={2007},
  publisher={Москва-Обнинск: «ИГ-СОЦИН»},
  pagetotal={220}
}

@article{legfat,
  title={Producing Paternity: The Role of Legal Fatherhood in Maintaining the Traditional Family},
  author={Kelly, Fiona},
  journal={Canadian Journal of Women and the Law},
  volume={21},
  issue={2},
  pages={315-351},
  year={2009},
  langid={english}
}

@article{gbi,
  title={The Good, The Bad, And The Invisible Father: A Phenomenological Study Of Fatherhood In 
Men With Substance Use Disorder},
  author={ Soderstrom,Kerstin  and  Skarderud, Finn},
  journal={Fathering},
  volume={11},
  number={1},
  pages={31-51},
  year={2013},
  langid={english}
}

@article{mercoh,
  title={The Importance Of Fatherhood To U.S. Married And Cohabiting Men},
  author={  Tichenor,Veronica and  McQuillan,Julia and Greil, Arthur L and Contreras, Raleigh and 
. Shreffler, Karina M},
  journal={Fathering},
  volume={9},
  number={3},
  pages={232-251},
  year={2011},
  langid={english}
}

@article{alc,
  title={The impact of fatherhood on treatment response for men with co-occurring alcohol dependence 
and intimate partner violence},
  author={Smith Stover, Carla and  Easton, Caroline},
  journal={The American Journal of Drug and Alcohol Abuse},
  volume={37},
  pages={74-78},
  year={2009},
  langid={english}
}

@article{fatpsy,
  title={Men’s Mental Health: Fatherhood and Psychotherapy},
  author={Aage Madsen, Svend},
  journal={The Journal of Men’s Studies},
  volume={17},
  number={1},
  pages={15-30},
  year={2009},
  langid={english}
}

@article{percep,
  title={Perceptions of Fatherhood: Longitudinal Reciprocal Associations Within the Couple},
  author={ Tremblay, Sandra and  Pierce, Tamarha},
  journal={Canadian Journal of Behavioural Science},
  volume={43},
  number={2},
  pages={99-110},
  year={2011},
  langid={english}
}

@article{gay,
  title={Upholding and Expanding the Normal Family: Future Fatherhood through the Eyes of Gay
Male Emerging Adults},
  author={Rabun, Carl and  Faith Oswald, Ramona},
  journal={Fathering},
  volume={7},
  number={3},
  pages={269-285},
  year={2009},
  langid={english}
}

@article{money,
  title={Conceptualizing Fatherhood: Maternal Perceptions of Responsible Fathering},
  author={ Elizabeth Coates, Erica and  Batsche, Catherine and  Lucio, Robert},
  journal={Journal of Undergraduate Research},
  volume={16},
  number={3},
  pages={134-142},
  year={2011},
  langid={english}
}
  
@article{meta,
  title={Fathers’ experiences of their transition to fatherhood: a metasynthesis},
  author={  Chin, Rachel and  Hall, Pauline and  Daiches, Anna},
  journal={Journal of Reproductive and Infant Psychology},
  volume={29},
  number={1},
  pages={4-18},
  year={2011},
  langid={english}
}
  
@article{pgm,
  title={Marriage and Fatherhood Programs},
  author={Cowan, Philip A and Pape Cowan, Carolyn and  Knox, Virginia},
  journal={ The future of children},
  volume={20},
  number={2},
  pages={205-230},
  year={2010},
  langid={english}
}
  
@article{relot,
  title={Первый опыт отцовства и отношение к своему отцу},
  author={Рахманова, В. К.},
  journal={Психологическая наука и образование},
  number={4},
  pages={48-56},
  year={2008}
}
  
@article{konmen,
  title={Меняющиеся мужчины в изменяющемся мире},
  author={Кон, И. С.},
  journal={Этнографическое обозрение},
  number={6},
  pages={99-114},
  year={2010}
}
 
@article{konot,
  title={Отцовство как социокультурный институт},
  author={Кон, И. С.},
  journal={Педагогика},
  number={9},
  pages={3-15},
  year={2005}
}

@article{rah,
  title={Первый опыт отцовства и отношение к своему отцу},
  author={Рахманова, В.К.},
  journal={Психологическая наука и образование},
  number={4},
  pages={48-56},
  year={2008}
}

@book{zo,
  title={Отец. Исторический, психологический и культурный анализ},
  author={Зойя, Луиджи},
  year={2014},
  publisher={М.: Независимая фирма "Класс"},
  pagetotal={352}
  }
  
  @article{long,
  title={Longitudinal Influences on Men’s Lives: Research from the Transition to Fatherhood
Project and Beyond},
  author={Astone, N.M. and Peters, H.E.},
  journal={Fathering},
  volume={12},
  number={2},
  pages={161-173},
  year={2014}
}

@book{md,
  title={Мальчики и девочки — два разных мира. Нейропсихологи — учителям, воспитателям, родителям, 
школьным психологам},
  author={Еремеева, В. Д. and Хризман, Т. П. },
  year={1998},
  publisher={М.: ЛИНКА-ПРЕСС},
  pagetotal={184}
  }
  
  @article{f21,
  title={Fatherhood in the Twenty-First Century},
  author={ Cabrera, Natasha J. and  Tamis-LeMonda, Catherine S and  Bradley Robert H. and
 Hofferth,  Sandra and Lamb, Michael E},
  journal={Child Development},
  volume={71},
  number={1},
  pages={127-136},
  year={2000}
}
  
 @article{strat ,
  title={Стратегии воспитания в семье: зарубежный опыт исследования},
  author={Орлова, К.М.},
  media={eresource},
  credits={Режим~доступа: http://psyedu.ru/journal/2013/4/Orlova.phtml   --- Дата~доступа: 
20.02.2015}
}

@article{har,
  title={Психологические характеристики отцовства},
  author={Кульчицкая Р.Ю. and  Воробьёва, Е.В.},
  journal={Психологический журнал Международного университета природы, общества и человека «Дубна»
},
  number={2},
  pages={121-131},
  year={2013}
}


@INPROCEEDINGS{confl,
ids  = {Самохвалова, И.Г.},
author  = {Самохвалова, И.Г.},
title  = {Проблема семейного ролевого конфликта мужчины в современном обществе},
language  = {русский},
pages  = {110-113},
crossref  = {sopr},
langid = {русский},
}




@proceedings{sopr,
editor = {Васягина, Н.Н.  and Рыбакова, Е.Н.  and Герасименко, Ю. А. },
title  = {Психолого-педагогическое сопровождение семьи в реалиях современного
социокультурного пространства:  Материалы Международной
научно-
практической конференции},
publisher  = {Урал. гос. пед. ун-т.},
location = {Екатеринбург},
pagetotal = {231}
language  = {русский},
langid  = {русский},
}

@article{varga,
  title={Структура и типы родительского отношения: Дис....канд.психол.наук},
  author={Варга, А.Я.},
  media={eresource},
  credits={Режим~доступа: http://diss.rsl.ru/diss/02/0002/020002117.pdf --- Дата~доступа:
20.02.2015}

}


@article{stil,
 author = {Кузьмишина, Т.Л.},
 title = {Стили семейного воспитания: отечественная и зарубежная классификация},
 journal = {Современная зарубежная психология},
 year = {2014},
 number = {1},
 pages = {16-25}
}

@book{den,
  title={Как дети воспитывают родителей},
  author={Аллендер, Дэн},
  year={2006},
  publisher={М.: Триада},
  pagetotal={306}
  }

 @article{clec,
  title={Отцовство в аналитических подходах к изучению маскулинности},
  author={Клёцина, И. С.},
  media={eresource},
  credits={Режим~доступа: http://humanpsy.ru/klyotsina/maskulinnost --- Дата~доступа:
20.02.2015}

}

@article{otage,
 author = {Севастьянова, Ульяна Юрьевна},
 title = {Особенности отцовства мужчин с разным родительским стажем},
 journal = {Вестник Костромского государственного университета им. Н.А. Некрасова},
 year = {2012},
 number = {4},
 pages = {39-43}
}

 @article{flit,
  title={Men’s Psychological Transition to Fatherhood:
An Analysis of the Literature, 1989–2008},
  author={Genesoni,L and Maria Anna Tallandini, M.A. },
  journal={Birth},
  volume={36},
  number={4},
  pages={305-317},
  year={2009}
}

@article{long,
  title={Continuity and change in a qualitative longitudinal study of
fatherhood: relevance without responsibility
},
  author={Shirani,F and Henwood, K},
  journal={International Journal of Social Research Methodology},
  volume={14},
  number={1},
  pages={17-29},
  year={2011}
}